<record><leader>00000cas a2200000 a 4500</leader><controlfield tag="001">6126338</controlfield><controlfield tag="008">800325c19uu9999caudx ne      0   a0eng d</controlfield><datafield ind1=" " ind2=" " tag="010"><subfield code="a">sn 80011850 </subfield></datafield><datafield ind1=" " ind2=" " tag="040"><subfield code="a">NSD</subfield><subfield code="b">eng</subfield><subfield code="c">NSD</subfield><subfield code="d">HUL</subfield><subfield code="d">DLC</subfield><subfield code="d">HUL</subfield><subfield code="d">NSD</subfield><subfield code="d">DLC</subfield><subfield code="d">OCL</subfield><subfield code="d">CNK</subfield><subfield code="d">OCLCQ</subfield><subfield code="d">CNK</subfield><subfield code="d">OCLCF</subfield><subfield code="d">OCLCO</subfield><subfield code="d">OCL</subfield></datafield><datafield ind1=" " ind2=" " tag="012"><subfield code="k">1</subfield><subfield code="j">0</subfield><subfield code="l">1</subfield><subfield code="m">1</subfield></datafield><datafield ind1="1" ind2=" " tag="022"><subfield code="a">0197-8055</subfield><subfield code="l">0197-8055</subfield><subfield code="2">1</subfield></datafield><datafield ind1=" " ind2=" " tag="032"><subfield code="a">001440</subfield><subfield code="b">USPS</subfield></datafield><datafield ind1=" " ind2=" " tag="042"><subfield code="a">nsdp</subfield></datafield><datafield ind1=" " ind2=" " tag="043"><subfield code="a">n-us-ca</subfield></datafield><datafield ind1=" " ind2="4" tag="050"><subfield code="a">KF175</subfield><subfield code="b">.D35 MPCAL</subfield></datafield><datafield ind1="0" ind2=" " tag="130"><subfield code="a">Daily recorder (Sacramento, Calif.)</subfield></datafield><datafield ind1=" " ind2="4" tag="222"><subfield code="a">The Daily recorder</subfield></datafield><datafield ind1="1" ind2="4" tag="245"><subfield code="a">The Daily recorder.</subfield></datafield><datafield ind1=" " ind2=" " tag="260"><subfield code="a">Sacramento, CA :</subfield><subfield code="b">Capital City Title Company</subfield></datafield><datafield ind1=" " ind2=" " tag="300"><subfield code="a">v. :</subfield><subfield code="b">ill. ;</subfield><subfield code="c">43 cm.</subfield></datafield><datafield ind1=" " ind2=" " tag="310"><subfield code="a">Daily (except Sun. and holidays)</subfield></datafield><datafield ind1="1" ind2=" " tag="362"><subfield code="a">Began in 1911.</subfield></datafield><datafield ind1=" " ind2=" " tag="530"><subfield code="a">Master negatives are available for duplication from:</subfield><subfield code="b">California Newspaper Microfilm Archive;</subfield><subfield code="c">positive copies may be purchased by the reel; for further information consult the CNMA at:</subfield><subfield code="u">http://cbsr.ucr.edu</subfield></datafield><datafield ind1=" " ind2=" " tag="580"><subfield code="a">"Including the Sacramento press-journal"--Masthead.</subfield></datafield><datafield ind1=" " ind2=" " tag="580"><subfield code="a">Has supplements: Daily appellate report; and, Jan. 1988, California directory of attorneys; and, July 1988- California attorneys.</subfield></datafield><datafield ind1=" " ind2=" " tag="588"><subfield code="a">Description based on: Vol. 34, no. 1 (Jan. 2, 1946); title from caption.</subfield></datafield><datafield ind1=" " ind2="0" tag="650"><subfield code="a">Law</subfield><subfield code="z">California</subfield><subfield code="v">Newspapers.</subfield></datafield><datafield ind1=" " ind2="0" tag="650"><subfield code="a">Legal advertising</subfield><subfield code="z">California</subfield><subfield code="v">Newspapers.</subfield></datafield><datafield ind1=" " ind2="0" tag="651"><subfield code="a">California</subfield><subfield code="x">Politics and government</subfield><subfield code="v">Newspapers.</subfield></datafield><datafield ind1=" " ind2="7" tag="650"><subfield code="a">Law.</subfield><subfield code="2">fast</subfield><subfield code="0">(OCoLC)fst00993678</subfield></datafield><datafield ind1=" " ind2="7" tag="650"><subfield code="a">Legal advertising.</subfield><subfield code="2">fast</subfield><subfield code="0">(OCoLC)fst00995377</subfield></datafield><datafield ind1=" " ind2="7" tag="650"><subfield code="a">Politics and government</subfield><subfield code="2">fast</subfield><subfield code="0">(OCoLC)fst01919741</subfield></datafield><datafield ind1=" " ind2="7" tag="651"><subfield code="a">California.</subfield><subfield code="2">fast</subfield><subfield code="0">(OCoLC)fst01204928</subfield></datafield><datafield ind1=" " ind2="7" tag="655"><subfield code="a">Newspapers.</subfield><subfield code="2">fast</subfield><subfield code="0">(OCoLC)fst01423814</subfield></datafield><datafield ind1=" " ind2=" " tag="752"><subfield code="a">United States</subfield><subfield code="b">California</subfield><subfield code="c">Sacramento</subfield><subfield code="d">Sacramento.</subfield></datafield><datafield ind1="0" ind2=" " tag="770"><subfield code="t">California register (Sacramento, Calif.)</subfield><subfield code="w">(OCoLC)9774267</subfield></datafield><datafield ind1="1" ind2=" " tag="770"><subfield code="t">Daily appellate report</subfield><subfield code="w">(DLC)   88645923</subfield><subfield code="w">(OCoLC)16531600</subfield></datafield><datafield ind1="1" ind2=" " tag="770"><subfield code="t">California directory of attorneys</subfield><subfield code="w">(DLC)   88656074</subfield><subfield code="w">(OCoLC)17405822</subfield></datafield><datafield ind1="1" ind2=" " tag="770"><subfield code="t">California attorneys</subfield><subfield code="x">1046-7777</subfield><subfield code="w">(DLC)   90656581</subfield><subfield code="w">(OCoLC)18270013</subfield></datafield><datafield ind1="0" ind2="4" tag="780"><subfield code="t">Sacramento press-journal</subfield></datafield><datafield ind1=" " ind2=" " tag="850"><subfield code="a">MH-L</subfield></datafield><datafield ind1=" " ind2=" " tag="936"><subfield code="a">Nov. 14, 1983</subfield></datafield><datafield ind1="1" ind2=" " tag="029"><subfield code="a">AU@</subfield><subfield code="b">000041015497</subfield></datafield></record>